<?xml version="1.0" encoding="UTF-8"?><collection xmlns="http://www.loc.gov/MARC21/slim"><record><leader>00643nam--2200193-i-4500</leader><controlfield tag="001">000019769</controlfield><controlfield tag="002">20161230</controlfield><controlfield tag="005">20161230201033</controlfield><controlfield tag="008">060222s1000------------r-----000-0-eng-d</controlfield><datafield ind1=" " ind2=" " tag="020"><subfield code="a">354008147X</subfield></datafield><datafield ind1=" " ind2=" " tag="040"><subfield code="a">IFIN-HH</subfield></datafield><datafield ind1=" " ind2=" " tag="080"><subfield code="a">517.986.32:517.986.225</subfield></datafield><datafield ind1="1" ind2=" " tag="100"><subfield code="a">Fell, J. M. G</subfield></datafield><datafield ind1="1" ind2="0" tag="245"><subfield code="a">Induced representations andbanach x-algebraic bundles with an appendix due to a. douady and l. dal soglio-herault</subfield><subfield code="b">Lecture notes in mathematics vol. 582</subfield><subfield code="c">J.m.g. fell</subfield></datafield><datafield ind1=" " ind2=" " tag="260"><subfield code="a">Berlin</subfield><subfield code="b">Springer-verlag</subfield><subfield code="c">1977</subfield></datafield><datafield ind1=" " ind2=" " tag="300"><subfield code="a">349 P</subfield></datafield><datafield ind1=" " ind2=" " tag="490"><subfield code="a">Lecture Notes In Mathematics</subfield><subfield code="v">Vol. 582</subfield></datafield><datafield ind1=" " ind2=" " tag="852"><subfield code="a">46520</subfield><subfield code="c">519.4/5</subfield></datafield><datafield ind1=" " ind2=" " tag="CAT"><subfield code="a">Sys</subfield><subfield code="c">20130813</subfield><subfield code="h">174053</subfield></datafield></record></collection>